@misc{owaspReplayAttack,
  title={Testing for WS Replay (OWASP-WS-007)},
  author={OWASP},
  howpublished={\url{https://www.owasp.org/index.php/Testing_for_WS_Replay_(OWASP-WS-007)}},
  journal={owasp.org}
}
@misc{capecDictionary,
  title={CAPEC-16: Dictionary-based Password Attack},
  author={CAPEC},
  howpublished={\url{https://capec.mitre.org/data/definitions/16.html}},
  journal={capec.mitre.org}
}
@misc{owaspSalt,
  title={Password Storage Cheat Sheet},
  author={OWASP},
  howpublished={\url{https://www.owasp.org/index.php/Password_Storage_Cheat_Sheet#Use_a_cryptographically_strong_credential-specific_salt}},
  journal={owasp.org},
  year={2018}
}
@inproceedings{son2010hitchhiker,
  title={The hitchhiker’s guide to DNS cache poisoning},
  author={Son, Sooel and Shmatikov, Vitaly},
  booktitle={International Conference on Security and Privacy in Communication Systems},
  pages={466--483},
  year={2010},
  organization={Springer}
}
@misc{openAppGateway,
  title={Application level gateways},
  howpublished={\url{http://www.open.edu/openlearn/science-maths-technology/computing-and-ict/systems-computer/network-security/content-section-9.5}},
  journal={The Open University}
}
@misc{ncsc2016IPSec,
  title={Using IPsec to protect data},
  author={NCSC},
  howpublished={\url{https://www.ncsc.gov.uk/guidance/using-ipsec-protect-data}},
  journal={National Cyber Security Centre},
  year={2016}
}
@misc{ncsc2017tls,
  title={Using TLS to protect data},
  author={NCSC},
  howpublished={\url{https://www.ncsc.gov.uk/guidance/tls-external-facing-services}},
  journal={National Cyber Security Centre},
  year={2017}
}
@misc{akamai2018defender,
  title={DDoS Mitigation},
  author={Akamai},
  howpublished={\url{https://www.akamai.com/us/en/resources/ddos-mitigation.jsp}},
  journal={Akamai}
}
@misc{sshSFTP,
  title={SFTP – SSH SECURE FILE TRANSFER PROTOCOL},
  author={SSH},
  howpublished={\url{https://www.ssh.com/ssh/sftp/}},
  journal={SSH Communications Security}
}
@misc{ga2011sftp,
  title={SFTP vs FTPS},
  author={GoAnywhere},
  howpublished={\url{https://www.goanywhere.com/blog/2011/10/20/sftp-ftps-secure-ftp-transfers}},
  journal={GoAnywhere},
  year={2011}
}
